<?xml version='1.0' encoding='UTF-8'?>
<Document xmlns="urn:iso:std:iso:20022:tech:xsd:pacs.008.001.02">
    <FIToFICstmrCdtTrf>
        <GrpHdr>
            <MsgId>ghtrjtrjyjyjuloimoiasss</MsgId>
            <CreDtTm>2020-07-16T16:57:33.803+02:00</CreDtTm>
            <NbOfTxs>1</NbOfTxs>
            <TtlIntrBkSttlmAmt Ccy="EUR">20</TtlIntrBkSttlmAmt>
            <IntrBkSttlmDt>2020-07-17</IntrBkSttlmDt>
            <SttlmInf>
                <SttlmMtd>CLRG</SttlmMtd>
            </SttlmInf>
            <PmtTpInf>
                <SvcLvl>
                    <Cd>SEPA</Cd>
                </SvcLvl>
            </PmtTpInf>
        </GrpHdr>
        <CdtTrfTxInf>
            <PmtId>
                <EndToEndId>nkuykuu9yk4u8y9rk7u9r8</EndToEndId>
                <TxId>aa9aa99az8z8r78ezr79e988456fsd</TxId>
            </PmtId>
            <IntrBkSttlmAmt Ccy="EUR">20</IntrBkSttlmAmt>
            <ChrgBr>SLEV</ChrgBr>
            <Dbtr>
                <Nm>Louis Dupont</Nm>
            </Dbtr>
            <DbtrAcct>
                <Id>
                    <IBAN>DE89370400440532013002</IBAN>
                </Id>
            </DbtrAcct>
            <DbtrAgt>
                <FinInstnId>
                    <BIC>NTSBDEB1XXX</BIC>
                </FinInstnId>
            </DbtrAgt>
            <CdtrAgt>
                <FinInstnId>
                    <BIC>OBPBDEB1XXX</BIC>
                </FinInstnId>
            </CdtrAgt>
            <Cdtr>
                <Nm>guillaume</Nm>
            </Cdtr>
            <CdtrAcct>
                <Id>
                    <IBAN>DE65500105176582659391</IBAN>
                </Id>
            </CdtrAcct>
            <RmtInf>
                <Ustrd>A transaction message to test recall sending</Ustrd>
            </RmtInf>
        </CdtTrfTxInf>
    </FIToFICstmrCdtTrf>
</Document>