<?xml version='1.0' encoding='UTF-8'?>
<Document xmlns="urn:iso:std:iso:20022:tech:xsd:pacs.008.001.02">
    <FIToFICstmrCdtTrf>
        <GrpHdr>
            <MsgId>a3f2ab1fe59a449db7b0c7d662e65686</MsgId>
            <CreDtTm>2020-06-30T16:57:33.803+02:00</CreDtTm>
            <NbOfTxs>2</NbOfTxs>
            <TtlIntrBkSttlmAmt Ccy="EUR">112</TtlIntrBkSttlmAmt>
            <IntrBkSttlmDt>2020-07-01</IntrBkSttlmDt>
            <SttlmInf>
                <SttlmMtd>CLRG</SttlmMtd>
            </SttlmInf>
            <PmtTpInf>
                <SvcLvl>
                    <Cd>SEPA</Cd>
                </SvcLvl>
            </PmtTpInf>
        </GrpHdr>
        <CdtTrfTxInf>
            <PmtId>
                <EndToEndId>a690a3a7ac6d4a9f933e03cc16fc1e38</EndToEndId>
                <TxId>a690a3a7ac6d4a9f933e03cc16fc1e38</TxId>
            </PmtId>
            <IntrBkSttlmAmt Ccy="EUR">12</IntrBkSttlmAmt>
            <ChrgBr>SLEV</ChrgBr>
            <Dbtr>
                <Nm>guigo</Nm>
            </Dbtr>
            <DbtrAcct>
                <Id>
                    <IBAN>DE65500105176582659391</IBAN>
                </Id>
            </DbtrAcct>
            <DbtrAgt>
                <FinInstnId>
                    <BIC>OBPBDEB1XXX</BIC>
                </FinInstnId>
            </DbtrAgt>
            <CdtrAgt>
                <FinInstnId>
                    <BIC>NTSBDEB1XXX</BIC>
                </FinInstnId>
            </CdtrAgt>
            <Cdtr>
                <Nm>CounterpartyName4</Nm>
            </Cdtr>
            <CdtrAcct>
                <Id>
                    <IBAN>DE89370400440532013002</IBAN>
                </Id>
            </CdtrAcct>
            <RmtInf>
                <Ustrd>Tiny transaction</Ustrd>
            </RmtInf>
        </CdtTrfTxInf>
        <CdtTrfTxInf>
            <PmtId>
                <EndToEndId>c58fba65fcfe45ba89f7d362e4361e09</EndToEndId>
                <TxId>c58fba65fcfe45ba89f7d362e4361e09</TxId>
            </PmtId>
            <IntrBkSttlmAmt Ccy="EUR">100</IntrBkSttlmAmt>
            <ChrgBr>SLEV</ChrgBr>
            <Dbtr>
                <Nm>guigo</Nm>
            </Dbtr>
            <DbtrAcct>
                <Id>
                    <IBAN>DE65500105176582659391</IBAN>
                </Id>
            </DbtrAcct>
            <DbtrAgt>
                <FinInstnId>
                    <BIC>OBPBDEB1XXX</BIC>
                </FinInstnId>
            </DbtrAgt>
            <CdtrAgt>
                <FinInstnId>
                    <BIC>NTSBDEB1XXX</BIC>
                </FinInstnId>
            </CdtrAgt>
            <Cdtr>
                <Nm>CounterpartyName4</Nm>
            </Cdtr>
            <CdtrAcct>
                <Id>
                    <IBAN>DE89370400440532013002</IBAN>
                </Id>
            </CdtrAcct>
            <RmtInf>
                <Ustrd>First Transaction</Ustrd>
            </RmtInf>
        </CdtTrfTxInf>
    </FIToFICstmrCdtTrf>
</Document>