<?xml version='1.0' encoding='UTF-8'?>
<Document xmlns="urn:iso:std:iso:20022:tech:xsd:pacs.008.001.02">
    <FIToFICstmrCdtTrf>
        <GrpHdr>
            <MsgId>gfdsqg1d2sq3fd1s2q3fdqs</MsgId>
            <CreDtTm>2020-08-20T16:00:00.000+02:00</CreDtTm>
            <NbOfTxs>1</NbOfTxs>
            <TtlIntrBkSttlmAmt Ccy="EUR">100</TtlIntrBkSttlmAmt>
            <IntrBkSttlmDt>2020-08-21</IntrBkSttlmDt>
            <SttlmInf>
                <SttlmMtd>CLRG</SttlmMtd>
            </SttlmInf>
            <PmtTpInf>
                <SvcLvl>
                    <Cd>SEPA</Cd>
                </SvcLvl>
            </PmtTpInf>
        </GrpHdr>
        <CdtTrfTxInf>
            <PmtId>
                <EndToEndId>fdsqfd15qs6fdq4s5g6dsq</EndToEndId>
                <TxId>fdsqf89dsq4gdqs6gd54sqg6</TxId>
            </PmtId>
            <IntrBkSttlmAmt Ccy="EUR">100</IntrBkSttlmAmt>
            <ChrgBr>SLEV</ChrgBr>
            <Dbtr>
                <Nm>Louis Dupont</Nm>
            </Dbtr>
            <DbtrAcct>
                <Id>
                    <IBAN>DE89370400440532013002</IBAN>
                </Id>
            </DbtrAcct>
            <DbtrAgt>
                <FinInstnId>
                    <BIC>NTSBDEB1XXX</BIC>
                </FinInstnId>
            </DbtrAgt>
            <CdtrAgt>
                <FinInstnId>
                    <BIC>OBPBDEB1XXX</BIC>
                </FinInstnId>
            </CdtrAgt>
            <Cdtr>
                <Nm>guillaume</Nm>
            </Cdtr>
            <CdtrAcct>
                <Id>
                    <IBAN>DE65500105176582659391</IBAN>
                </Id>
            </CdtrAcct>
            <RmtInf>
                <Ustrd>A transaction message for example</Ustrd>
            </RmtInf>
        </CdtTrfTxInf>
    </FIToFICstmrCdtTrf>
</Document>